% This file was created with JabRef 2.10.
% Encoding: Cp1252


@Article{Bechhoefer2012374,
  Title                    = {Replication timing and its emergence from stochastic processes },
  Author                   = {John Bechhoefer and Nicholas Rhind},
  Journal                  = {Trends in Genetics },
  Year                     = {2012},
  Number                   = {8},
  Pages                    = {374 - 381},
  Volume                   = {28},

  Doi                      = {http://dx.doi.org/10.1016/j.tig.2012.03.011},
  ISSN                     = {0168-9525},
  Keywords                 = {\{DNA\} replication timing},
  Owner                    = {Mike},
  Timestamp                = {2015.03.19},
  Url                      = {http://www.sciencedirect.com/science/article/pii/S0168952512000510}
}

@Book{AlloyPhaseTransitions,
  Title                    = {The Theory of Transformations in Metals and Alloys},
  Author                   = {Christian, J. W.},
  Publisher                = {Pergamon Press, New York},
  Year                     = {1981},

  Owner                    = {Mike},
  Timestamp                = {2015.05.11}
}

@Article{eukaryotereview,
  Title                    = {Global regulation of genome duplication in eukaryotes: an overview from the epifluorescence microscope},
  Author                   = {Herrick, John and Bensimon, Aaron},
  Journal                  = {Chromosoma},
  Year                     = {2008},
  Number                   = {3},
  Pages                    = {243-260},
  Volume                   = {117},

  Doi                      = {10.1007/s00412-007-0145-1},
  ISSN                     = {0009-5915},
  Language                 = {English},
  Owner                    = {Mike},
  Publisher                = {Springer-Verlag},
  Timestamp                = {2015.03.20},
  Url                      = {http://dx.doi.org/10.1007/s00412-007-0145-1}
}

@Article{KJMA2,
  Title                    = {Nucleation and growth in one dimension. {II}. {A}pplication to {DNA} replication kinetics},
  Author                   = {Jun, Suckjoon and Bechhoefer, John},
  Journal                  = {Phys. Rev. E},
  Year                     = {2005},

  Month                    = {Jan},
  Pages                    = {011909},
  Volume                   = {71},

  Doi                      = {10.1103/PhysRevE.71.011909},
  Issue                    = {1},
  Numpages                 = {8},
  Owner                    = {Mike},
  Publisher                = {American Physical Society},
  Timestamp                = {2015.05.11}
}

@Article{KJMA1,
  Title                    = {Nucleation and growth in one dimension. {I}. {T}he generalized Kolmogorov-Johnson-Mehl-Avrami model},
  Author                   = {Jun, Suckjoon and Zhang, Haiyang and Bechhoefer, John},
  Journal                  = {Phys. Rev. E},
  Year                     = {2005},

  Month                    = {Jan},
  Pages                    = {011908},
  Volume                   = {71},

  Doi                      = {10.1103/PhysRevE.71.011908},
  Issue                    = {1},
  Numpages                 = {8},
  Owner                    = {Mike},
  Publisher                = {American Physical Society},
  Timestamp                = {2015.05.11}
}

@InCollection{GINSComplex,
  Title                    = {The {GINS} Complex: Structure and Function},
  Author                   = {Kamada, Katsuhiko},
  Booktitle                = {The Eukaryotic Replisome: a Guide to Protein Structure and Function},
  Publisher                = {Springer Netherlands},
  Year                     = {2012},
  Editor                   = {MacNeill, Stuart},
  Pages                    = {135-156},
  Series                   = {Subcellular Biochemistry},
  Volume                   = {62},

  Doi                      = {10.1007/978-94-007-4572-8_8},
  ISBN                     = {978-94-007-4571-1},
  Keywords                 = {CMGcomplex; Crystal structure; DNA replication; Replication fork},
  Language                 = {English},
  Owner                    = {Mike},
  Timestamp                = {2015.05.04},
  Url                      = {http://dx.doi.org/10.1007/978-94-007-4572-8_8}
}

@Book{MolecularCellBiology,
  Title                    = {Molecular Cell Biology},
  Author                   = {Lodish, H. and
Berk, A. and
Kaiser, C.~A. and
Krieger, M. and
Scott, M.~P. and
Bretscher, A. and
Ploegh, H. and
Matsudairu, P.},
  Publisher                = {W.H. Freeman and company},
  Year                     = {2008},

  Address                  = {New York, NY},
  Edition                  = {6th},

  Owner                    = {Mike},
  Timestamp                = {2015.03.19}
}

@Article{DeepSeq,
  Title                    = {The dynamics of genome replication using deep sequencing},
  Author                   = {C.~A.~M{\"u}ller and
M.~Hawkins and
R.~Retkute and
S.~Malla and
R.~Wilson and
M.~J.~Blythe and
R.~Nakato and
M.~Komata and
K.~Shirahige and
A.~P.~S.~de Moura and
C.~A.~Nieduszynski},
  Journal                  = {Nucleic Acids Research},
  Year                     = {2014},
  Number                   = {1},
  Volume                   = {42},

  Owner                    = {Mike},
  Timestamp                = {2015.03.19}
}

@InCollection{OriginsReview,
  Title                    = {Initiation of eukaryotic \{DNA\} replication: Regulation and mechanisms },
  Author                   = {Heinz-Peter Nasheuer and Richard Smith and Christina Bauerschmidt and Frank Grosse and Klaus Weisshart},
  Publisher                = {Academic Press},
  Year                     = {2002},
  Pages                    = {41 - 94},
  Series                   = {Progress in Nucleic Acid Research and Molecular Biology },
  Volume                   = {72},

  Doi                      = {http://dx.doi.org/10.1016/S0079-6603(02)72067-9},
  ISSN                     = {0079-6603},
  Owner                    = {Mike},
  Timestamp                = {2015.05.11},
  Url                      = {http://www.sciencedirect.com/science/article/pii/S0079660302720679}
}

@Article{OriDB,
  Title                    = {{OriDB}: a {DNA} Replication origin database},
  Author                   = {C.~A.~Nieduszynski and
S.~Hiraga and
P.~Ak and
C.~J.~Benham and
A.~D.~Donaldson},
  Journal                  = {Nucleic Acids Res.},
  Year                     = {2007},

  Owner                    = {Mike},
  Timestamp                = {2015.05.11}
}

@Article{CarParking,
  Title                    = {On a one-dimensional problem concerning random space filling},
  Author                   = {R{\'e}nyi, Alfr{\'e}d},
  Journal                  = {Publ. Math. Inst. Hung. Acad. Sci},
  Year                     = {1958},
  Number                   = {109-127},
  Pages                    = {30--36},
  Volume                   = {3},

  Owner                    = {Mike},
  Timestamp                = {2015.05.11}
}

@Article{ScottsPaper,
  Title                    = {Modeling genome-wide replication kinetics reveals a mechanism for regulation of replication timing},
  Author                   = {S.~C.-H.~Yang and
N.~Rhind and
J.~Becchoefer},
  Journal                  = {Mol. Syst. Biol.},
  Year                     = {2010},

  Owner                    = {Mike},
  Timestamp                = {2015.05.11}
}

@Article{PurifiedProteins,
  Title                    = {Regulated eukaryotic {DNA} replication origin firing with purified proteins},
  Author                   = {J.~T.~P.~Yeeles and
T.~D.~Deegan and
A.~Janska anda
A.~Early and
J.~F.~X.~Diffley},
  Journal                  = {Nature},
  Year                     = {2015},

  Month                    = {March},
  Pages                    = {431 - 435},
  Volume                   = {519},

  Owner                    = {Mike},
  Timestamp                = {2015.04.02}
}

